<?xml version="1.0" encoding="UTF-8"?><collection xmlns="http://www.loc.gov/MARC21/slim"><record><leader>00489nam--2200169-i-4500</leader><controlfield tag="001">000011788</controlfield><controlfield tag="002">20161230</controlfield><controlfield tag="005">20161230201029</controlfield><controlfield tag="008">060222s1000------------r-----000-0-eng-d</controlfield><datafield ind1=" " ind2=" " tag="040"><subfield code="a">IFIN-HH</subfield></datafield><datafield ind1=" " ind2=" " tag="080"><subfield code="a">539.2(043)</subfield></datafield><datafield ind1="1" ind2=" " tag="100"><subfield code="a">Bilgram,Jorg</subfield></datafield><datafield ind1="1" ind2="0" tag="245"><subfield code="a">Lattice defects and their equilibrium relations in ice crystals</subfield><subfield code="b">Dissertations</subfield><subfield code="c">Jorg bilgram</subfield></datafield><datafield ind1=" " ind2=" " tag="260"><subfield code="a">Zurich</subfield><subfield code="b">Juris Druck+verlag Zurich</subfield><subfield code="c">1973</subfield></datafield><datafield ind1=" " ind2=" " tag="300"><subfield code="a">39P.+ 6 FIG</subfield></datafield><datafield ind1=" " ind2=" " tag="852"><subfield code="a">43447</subfield><subfield code="c">539.2</subfield></datafield><datafield ind1=" " ind2=" " tag="CAT"><subfield code="a">Sys</subfield><subfield code="c">20121025</subfield><subfield code="h">121140</subfield></datafield></record></collection>